<record><leader>00000cas a22000007a 4500</leader><controlfield tag="001">13486273</controlfield><controlfield tag="008">860423d19471968wiudn ne      0    0eng d</controlfield><datafield ind1=" " ind2=" " tag="010"><subfield code="a">sn 86086448 </subfield></datafield><datafield ind1=" " ind2=" " tag="040"><subfield code="a">NPV</subfield><subfield code="b">eng</subfield><subfield code="c">NPV</subfield><subfield code="d">OCLCQ</subfield></datafield><datafield ind1=" " ind2=" " tag="042"><subfield code="a">msc</subfield></datafield><datafield ind1=" " ind2=" " tag="045"><subfield code="a">x4x6</subfield></datafield><datafield ind1=" " ind2=" " tag="052"><subfield code="a">4123</subfield><subfield code="b">O5</subfield></datafield><datafield ind1="0" ind2="4" tag="245"><subfield code="a">The Rhinelander daily news and the new north.</subfield></datafield><datafield ind1="1" ind2="7" tag="246"><subfield code="a">Rhinelander daily news</subfield></datafield><datafield ind1=" " ind2=" " tag="260"><subfield code="a">Rhinelander, Wis. :</subfield><subfield code="b">Rhinelander Pub.,</subfield><subfield code="c">1947-1968.</subfield></datafield><datafield ind1=" " ind2=" " tag="300"><subfield code="a">22 v. :</subfield><subfield code="b">ill.</subfield></datafield><datafield ind1=" " ind2=" " tag="310"><subfield code="a">Daily (except Sun.)</subfield></datafield><datafield ind1="0" ind2=" " tag="362"><subfield code="a">Thirtieth year, no. 155 (Sept. 12, 1947)-fifty-first year, no. 119 (Aug. 7, 1968).</subfield></datafield><datafield ind1=" " ind2=" " tag="500"><subfield code="a">Publisher varies.</subfield></datafield><datafield ind1=" " ind2=" " tag="500"><subfield code="a">Editors: C.G. Ferris, Sept. 12, 1947-Jan. 15, 1955; K. Gilbertson, June 15-Aug. 7, 1968.</subfield></datafield><datafield ind1=" " ind2=" " tag="525"><subfield code="a">Supplements accompany some issues.</subfield></datafield><datafield ind1=" " ind2=" " tag="752"><subfield code="a">United States</subfield><subfield code="b">Wisconsin</subfield><subfield code="c">Oneida</subfield><subfield code="d">Rhinelander.</subfield></datafield><datafield ind1="0" ind2="0" tag="780"><subfield code="t">Rhinelander daily news (Rhinelander, Wis. : 1917)</subfield><subfield code="w">(DLC)sn 86086447</subfield></datafield><datafield ind1="0" ind2="0" tag="785"><subfield code="t">Rhinelander daily news (Rhinelander, Wis. : 1968)</subfield><subfield code="w">(DLC)sn 86086449</subfield></datafield><datafield ind1="1" ind2=" " tag="029"><subfield code="a">AU@</subfield><subfield code="b">000025287528</subfield></datafield></record>